<?xml version="1.0" encoding="UTF-8"?>
<marc:collection xmlns:marc="http://www.loc.gov/MARC21/slim" xmlns:xsi="http://www.w3.org/2001/XMLSchema-instance" xsi:schemaLocation="http://www.loc.gov/MARC21/slim http://www.loc.gov/standards/marcxml/schema/MARC21slim.xsd">
   <marc:record type="Bibliographic">
      <marc:leader>01331cam a2200265   4500</marc:leader>
      <marc:controlfield tag="001">2767047</marc:controlfield>
      <marc:controlfield tag="003">NjP</marc:controlfield>
      <marc:controlfield tag="005">20130517104545.0</marc:controlfield>
      <marc:controlfield tag="008">930827s1968    iq            000 0 arar </marc:controlfield>
      <marc:datafield tag="024" ind1="7" ind2=" ">
         <marc:subfield code="a">princeton_aco000698</marc:subfield>
         <marc:subfield code="2">local</marc:subfield>
      </marc:datafield>
      <marc:datafield tag="010" ind1=" " ind2=" ">
         <marc:subfield code="a">   74288126 /NE </marc:subfield>
      </marc:datafield>
      <marc:datafield tag="035" ind1=" " ind2=" ">
         <marc:subfield code="a">(OCoLC)ocm28706575</marc:subfield>
      </marc:datafield>
      <marc:datafield tag="035" ind1=" " ind2=" ">
         <marc:subfield code="9">CNG3046TS</marc:subfield>
      </marc:datafield>
      <marc:datafield tag="040" ind1=" " ind2=" ">
         <marc:subfield code="a">DLC</marc:subfield>
         <marc:subfield code="c">CUY</marc:subfield>
         <marc:subfield code="d">CUY</marc:subfield>
         <marc:subfield code="d">PUL</marc:subfield>
      </marc:datafield>
      <marc:datafield tag="050" ind1="0" ind2=" ">
         <marc:subfield code="a">BP70</marc:subfield>
         <marc:subfield code="b">.K464</marc:subfield>
      </marc:datafield>
      <marc:datafield tag="100" ind1="1" ind2=" ">
         <marc:subfield code="a">Khāqānī, ʻAlī.</marc:subfield>
      </marc:datafield>
      <marc:datafield tag="245" ind1="1" ind2="0">
         <marc:subfield code="a">Rijāl al-Khāqānī :</marc:subfield>
         <marc:subfield code="b">bi-qalam ʻAlī al-Khāqānī /</marc:subfield>
         <marc:subfield code="c">taḥqīq al-sayyid Muḥammad Ṣādiq Baḥr al-ʻUlūm ; ʻaniya bi-nashrihi wa-al-taqdīm lahu Ḥusayn al-Shaykh Ḥasan al-Khāqānī, ḥafīd al-muʼallif ; ṭabaʻa ʻalá nuskhat al-muṣa[nn]if.</marc:subfield>
      </marc:datafield>
      <marc:datafield tag="250" ind1=" " ind2=" ">
         <marc:subfield code="a">[al-Ṭabʻah 1.]</marc:subfield>
      </marc:datafield>
      <marc:datafield tag="260" ind1=" " ind2=" ">
         <marc:subfield code="a">[al-Najaf,</marc:subfield>
         <marc:subfield code="c">1968]</marc:subfield>
      </marc:datafield>
      <marc:datafield tag="300" ind1=" " ind2=" ">
         <marc:subfield code="a">32, 430, 72 p. ;</marc:subfield>
         <marc:subfield code="c">25 cm.</marc:subfield>
      </marc:datafield>
      <marc:datafield tag="500" ind1=" " ind2=" ">
         <marc:subfield code="a">A commentary by al-Khāqānī on al-Bahbahānī's al-Fawāʼid al-Rijālīyah, the partial text of which is included.  al-Bahbahānī's work forms the introduction to his notes (taʼlīqah) to al-Astarābādī's Minhaj al-Maqāl</marc:subfield>
      </marc:datafield>
      <marc:datafield tag="650" ind1=" " ind2="0">
         <marc:subfield code="a">Muslims</marc:subfield>
         <marc:subfield code="v">Biography.</marc:subfield>
      </marc:datafield>
      <marc:datafield tag="700" ind1="1" ind2=" ">
         <marc:subfield code="a">Bahbahānī, Muḥammad Bāqir ibn Muḥammad Akmal,</marc:subfield>
         <marc:subfield code="d">1706 or 1707-1791 or 1792.</marc:subfield>
      </marc:datafield>
      <marc:datafield tag="700" ind1="1" ind2=" ">
         <marc:subfield code="a">Baḥr al-ʻUlūm, Muḥammad Ṣādiq,</marc:subfield>
         <marc:subfield code="e">ed.</marc:subfield>
      </marc:datafield>
      <marc:datafield tag="852" ind1="0" ind2=" ">
         <marc:subfield code="b">nec</marc:subfield>
         <marc:subfield code="h">BP70</marc:subfield>
         <marc:subfield code="i">.K464 1968</marc:subfield>
         <marc:subfield code="p">3077864</marc:subfield>
         <marc:subfield code="x">reclassed from: 2271.50851.377</marc:subfield>
      </marc:datafield>
      <marc:datafield tag="945" ind1=" " ind2=" ">
         <marc:subfield code="a">F</marc:subfield>
         <marc:subfield code="b">1</marc:subfield>
         <marc:subfield code="c">2271.50851.377</marc:subfield>
      </marc:datafield>
      <marc:datafield tag="911" ind1=" " ind2=" ">
         <marc:subfield code="a">20000130</marc:subfield>
      </marc:datafield>
   </marc:record>
</marc:collection>
